b@misc{stanford,
    author={Stanford University},
    title={Stanford Large Network Dataset Collection},
    howpublished="\url{https://snap.stanford.edu/data/index.html#web}"
}

b@misc{exercises,
    author={University of Oslo},
    title={IN3200 Exercise Set 1},
    howpublished="\url{https://www.uio.no/studier/emner/matnat/ifi/IN3200/v19/teaching-material/exercises-in3200-week01.pdf}",
    year={2019}
}
